
%% UMAP BIB
@misc{car2goAPI,
  title = {car2go API},
  howpublished = {\url{https://github.com/car2go/openAPI}},
  note = {Accessed: 10/03/2017}
}

@inproceedings{Herrmann2014,
  title={Increasing acceptance of free-floating car sharing systems using smart relocation strategies: a survey based study of car2go Hamburg},
  author={Herrmann, Sascha and Schulte, Frederik and Vo{\ss}, Stefan},
  booktitle={International Conference on Computational Logistics},
  pages={151--162},
  year={2014},
  organization={Springer}
}

@article{Schulte2015,
  title={Decision support for environmental-friendly vehicle relocations in free-floating car sharing systems: The case of car2go},
  author={Schulte, Frederik and Vo{\ss}, Stefan},
  journal={Procedia CIRP},
  volume={30},
  pages={275--280},
  year={2015},
  publisher={Elsevier}
}
@inproceedings{Wagner2015, 
 author={S. Wagner and T. Brandt and D. Neumann}, 
 booktitle={2015 48th Hawaii International Conference on System Sciences}, 
 title={Data Analytics in Free-Floating Carsharing: Evidence from the City of Berlin}, 
 year={2015}, 
 pages={897-907}, 
 keywords={data analysis;geographic information systems;traffic engineering computing;City of  Berlin;data analytics;free-floating car sharing;geographically weighted regression;global  market;public transport;vehicle ownership;zero-inflated regression;Biological system  modeling;Business;Cities and towns;Data models;Face;Vehicles;Carsharing;Data analysis;Decision  Support;Location-based services;Visualization}, 
 doi={10.1109/HICSS.2015.112}, 
 ISSN={1530-1605}, 
month={Jan},
}
@article{Schmoller2015,
 title = {Empirical analysis of free-floating carsharing usage: The Munich and Berlin case},
 journal = {Transportation Research Part C: Emerging Technologies},
 volume = {56},
 number = "",
 pages = {34 - 51},
 year = {2015},
 note = "",
 issn = {0968-090X},
 doi = {http://dx.doi.org/10.1016/j.trc.2015.03.008},
 url = {http://www.sciencedirect.com/science/article/pii/S0968090X1500087X},
 author = {Stefan Schmöller and Simone Weikl and Johannes Möller and Klaus Bogenberger},
 keywords = {Carsharing, Free-floating carsharing systems, Demand analysis, Mobility services, External influences}
}


@article{Kopp2015,
title = {Do sharing people behave differently? An empirical evaluation of the distinctive mobility patterns of free-floating car-sharing members},
author = {Kopp, Johanna and Gerike, Regine and Axhausen, Kay},
year = {2015},
journal = {Transportation},
volume = {42},
number = {3},
pages = {449-469},
keywords = {Free-floating car-sharing; DriveNow; Travel behaviour; Modal split; Multimodality; GPS tracking},
url = {http://EconPapers.repec.org/RePEc:kap:transp:v:42:y:2015:i:3:p:449-469},
publisher = {Springer}
}

@article{Firnkorn2011,
title = {What will be the environmental effects of new free-floating car-sharing systems? The case of car2go in Ulm},
journal = {Ecological Economics},
volume = {70},
number = {8},
pages = {1519--1528},
year = {2011},
issn = {0921-8009},
doi = {http://dx.doi.org/10.1016/j.ecolecon.2011.03.014},
url = {http://www.sciencedirect.com/science/article/pii/S0921800911001030},
author = {Jörg Firnkorn and Martin Müller},
keywords = {Car-sharing,Environmental effect,Free-floating system,Public-private transportation",Product-service system}
}

@article{Firnkorn2012,
title = {Triangulation of two methods measuring the impacts of a free-floating carsharing system in Germany},
journal = {Transportation Research Part A: Policy and Practice},
volume = {46},
number = {10},
pages = {1654 - 1672},
year = {2012},
note = "",
issn = {0965-8564},
doi = {http://dx.doi.org/10.1016/j.tra.2012.08.003},
url = {http://www.sciencedirect.com/science/article/pii/S0965856412001334},
author = {Jörg Firnkorn},
keywords = {Triangulation, Impact measurement, Free-floating carsharing system, Empirical study, Modal split, car2go}
}

@techreport{Wang2017,
  title={Complement or Competitior? Comparing car2go and Transit Travel Times, Prices, and Usage Patterns in Seattle},
  author={X. Wang and D. MacKenzie and Z. Cui},
  year={2017}
}

@article{Kortum2016,
  title={Free-Floating Carsharing: City-Specific Growth Rates and Success Factors},
  author={K. Kortum and R. Schönduwe, B. Stolte and B. Bock},
  journal={Transportation Research Procedia},
  volume={19},
  pages={328--340},
  year={2016},
  publisher={Elsevier}
}

@article{Tyndall2016,
  title={Where No Cars Go: Free-Floating Carshare and Inequality of Access},
  author={J. Tyndall},
  journal={International Journal of Sustainable Transportation},
  number={just-accepted},
  year={2016},
  publisher={Taylor \& Francis}
}

@article{Ciari2013,
  title={Estimation of carsharing demand using an activity-based microsimulation approach: model discussion and some results},
  author={F. Ciari and N. Schuessler and K. W. Axhausen},
  journal={International Journal of Sustainable Transportation},
  volume={7},
  number={1},
  pages={70--84},
  year={2013},
  publisher={Taylor \& Francis}
}

@article{Ferrero2016,
  title={Business models and tariff simulation in car-sharing services},
  author={F. Ferrero and G. Perboli and S. Musso and A. G. A. Vesco},
  year={2016},
  publisher={Politecnico di Torino}
}

#FFCS - 1W Comparison

@article{bardhi:12, 
title={Access-Based Consumption: The Case of Car Sharing: Table 1.}, 
volume={39}, 
DOI={10.1086/666376}, 
number={4}, 
journal={Journal of Consumer Research}, 
author={Bardhi, Fleura and Eckhardt, Giana M.}, 
year={2012}, 
month={Jan}, 
pages={881–898}}

@article{shaheen:16, 
title={Mobility and the Sharing Economy: Potential to Facilitate the First- and Last-Mile Public Transit Connections}, 
volume={42}, 
DOI={10.2148/benv.42.4.573}, 
number={4}, 
journal={Built Environment}, 
author={Shaheen, Susan and Chan, Nelson}, 
year={2016}, 
month={Jan}, 
pages={573–588}}

@article{barbosa:18,
  title={Human mobility: Models and applications},
  author={Barbosa, Hugo and Barthelemy, Marc and Ghoshal, Gourab and James, Charlotte R and Lenormand, Maxime and Louail, Thomas and Menezes, Ronaldo and Ramasco, Jos{\'e} J and Simini, Filippo and Tomasini, Marcello},
  journal={Physics Reports},
  year={2018},
  publisher={Elsevier}
}

@article{herrera:10,
  title={Evaluation of traffic data obtained via GPS-enabled mobile phones: The Mobile Century field experiment},
  author={Herrera, Juan C and Work, Daniel B and Herring, Ryan and Ban, Xuegang Jeff and Jacobson, Quinn and Bayen, Alexandre M},
  journal={Transportation Research Part C: Emerging Technologies},
  volume={18},
  number={4},
  pages={568--583},
  year={2010},
  publisher={Elsevier}
}

@inproceedings{boldrini:16,
  title={Characterising demand and usage patterns in a large station-based car sharing system},
  author={Boldrini, Chiara and Bruno, Raffaele and Conti, Marco},
  booktitle={proceedings of the IEEE Conference on Computer Communications Workshops (INFOCOM WKSHPS)},
  pages={572--577},
  year={2016}
  
}

@article{becker:17,
  title={Comparing car-sharing schemes in Switzerland: User groups and usage patterns},
  author={Becker, Henrik and Ciari, Francesco and Axhausen, Kay W},
  journal={Transportation Research Part A: Policy and Practice},
  volume={97},
  pages={17--29},
  year={2017},
  publisher={Elsevier}
}

@inproceedings{rooke:19,
  title={Characterizing Usage Patterns and Service Demand of a Two-Way Car-Sharing System},
  author={Rooke, Felipe and Alencar, Victor A. and Vieira, Alex B. and Almeida, Jussara M. and Idilio, Drago},
  booktitle={Big Social Data and Urban Computing},
  pages={01--15},
  year={2019},
  publisher={Springer Nature Switzerland AG}
}

@book{botsman:10,
  title={What's Mine Is Yours: The Rise of Collaborative Consumption},
  author={Botsman, R. and Rogers, R.},
  isbn={9780062014054},
  year={2010},
  publisher={HarperCollins}
}

@inproceedings{Ma:2013, 
    author={S. Ma and Y. Zheng and O. Wolfson}, 
    booktitle={proceedings of the IEEE Conference on Data Engineering (ICDE), 29th International Conference}, 
    title={T-share: A large-scale dynamic taxi ridesharing service}, 
    year={2013}, 
    pages={410-421}, 
    keywords={Global Positioning System;graph theory;mobile computing;road traffic;traffic engineering computing;GPS trajectory dataset;T-share;energy consumption;large-scale dynamic taxi ridesharing service;lazy shortest path calculation;scheduling algorithm;spatio-temporal distribution;spatio-temporal index;taxi searching algorithm;travel distance;Dynamic scheduling;Energy consumption;Heuristic algorithms;Indexes;Real-time systems;Roads;Schedules}, 
    doi={10.1109/ICDE.2013.6544843}, 
    ISSN={1063-6382}, 
    month={April},
}

@INPROCEEDINGS{ciociolaumap, 
author={A. Ciociola and M. Cocca and D. Giordano and M. Mellia and A. Morichetta and A. Putina and F. Salutari}, 
booktitle={proceedings of the IEEE Conference on SmartWorld, Ubiquitous Intelligence Computing, Advanced Trusted Computed, Scalable Computing Communications, Cloud Big Data Computing, Internet of People and Smart City Innovation (SmartWorld/SCALCOM/UIC/ATC/CBDCom/IOP/SCI)}, 
title={UMAP: Urban mobility analysis platform to harvest car sharing data}, 
year={2017}, 
volume={}, 
number={}, 
pages={1-8}, 
keywords={automobiles;data analysis;data mining;Internet;mobile computing;smart cities;smart phones;traffic engineering computing;smart cities;smartphone app;car sharing platforms;advanced information;usage data;smart city planners;Web platforms;urban mobility analysis platform;car sharing data harvesting;Web-based backend;information exchange;driving habit extraction;information extraction;analytics modules;Turin City;temporal properties;spatial properties;rentals;customer habit characterization;public transportation;driving style;Automobiles;Urban areas;Data mining;Crawlers;Google;Tools;Data acquisition}, 
doi={10.1109/UIC-ATC.2017.8397566}, 
ISSN={}, 
month={Aug},}

@article{becker2017comparing,
  title={Comparing car-sharing schemes in Switzerland: User groups and usage patterns},
  author={Becker, Henrik and Ciari, Francesco and Axhausen, Kay W},
  journal={Transportation Research Part A: Policy and Practice},
  volume={97},
  pages={17--29},
  year={2017},
  publisher={Elsevier}
}

@article{shaheen2016mobility,
  title={Mobility and the sharing economy},
  journal={Transport Policy},
  volume={51},
  number={Supplement C},
  pages={141 - 142},
  year={2016},
  issn={0967-070X},
  doi= {https://doi.org/10.1016/j.tranpol.2016.01.008},
  url = {http://www.sciencedirect.com/science/article/pii/S0967070X16000020},
  author = {Susan A. Shaheen}
}

@article{harms1998emergence,
  title={The emergence of a nation-wide carsharing co-operative in Switzerland},
  author={Harms, Sylvia and Truffer, Bernard},
  journal={A case-study for the EC-supported rsearch project “Strategic Niche Management as a tool for transition to a sustainable transport system”, EAWAG: Z{\"u}rich},
  year={1998}
}

@book{millard2005car,
  title={Car-sharing: Where and how it succeeds},
  author={Millard-Ball, Adam},
  volume={108},
  year={2005},
  publisher={Transportation Research Board}
}


@article{ciari2014modeling,
  title={Modeling station-based and free-floating carsharing demand: test case study for Berlin},
  author={Ciari, Francesco and Bock, Benno and Balmer, Michael},
  journal={Transportation Research Record: Journal of the Transportation Research Board},
  number={2416},
  pages={37--47},
  year={2014},
  publisher={Transportation Research Board of the National Academies}
}

@article{stillwater2009carsharing,
  title={Carsharing and the built environment: Geographic information system-based study of one US operator},
  author={Stillwater, Tai and Mokhtarian, Patricia and Shaheen, Susan},
  journal={Transportation Research Record: Journal of the Transportation Research Board},
  number={2110},
  pages={27--34},
  year={2009},
  publisher={Transportation Research Board of the National Academies}
}

@article{burkhardt2006attracted,
  title={Who is attracted to carsharing?},
  author={Burkhardt, Jon and Millard-Ball, Adam},
  journal={Transportation Research Record: Journal of the Transportation Research Board},
  number={1986},
  pages={98--105},
  year={2006},
  publisher={Transportation Research Board of the National Academies}
}

@article{cervero2004city,
  title={City CarShare in San Francisco, California: second-year travel demand and car ownership impacts},
  author={Cervero, Robert and Tsai, Yuhsin},
  journal={Transportation Research Record: Journal of the Transportation Research Board},
  number={1887},
  pages={117--127},
  year={2004},
  publisher={Transportation Research Board of the National Academies}
}

@techreport{shaheen2010carsharing,
  title={Carsharing and public parking policies: assessing benefits, costs, and best practices in North America},
  author={Shaheen, Susan A and Rodier, Caroline and Murray, Gail and Cohen, Adam and Martin, Elliot},
  year={2010}
}

@article{martin2011impact,
  title={The impact of carsharing on public transit and non-motorized travel: an exploration of North American carsharing survey data},
  author={Martin, Elliot and Shaheen, Susan},
  journal={Energies},
  volume={4},
  number={11},
  pages={2094--2114},
  year={2011},
  publisher={Molecular Diversity Preservation International}
}

@article{kopp2015sharing,
  title={Do sharing people behave differently? An empirical evaluation of the distinctive mobility patterns of free-floating car-sharing members},
  author={Kopp, Johanna and Gerike, Regine and Axhausen, Kay W},
  journal={Transportation},
  volume={42},
  number={3},
  pages={449--469},
  year={2015},
  publisher={Springer}
}

@article{rooke2018caracterizacao,
  author = {Felipe Rooke and Victor Aquiles and Alex Borges Vieira and Douglas do Couto Teixeira and Jussara M. Almeida and Idilio Drago},
  title = {Caracteriza\c{c}\~ao de Padr\~oes de Demanda e Uso de um Sistema de Compartilhamento de Ve\'{\i}culos de Duas Vias},
  journal = {Workshop de Computa\c{c}\~ao Urbana COURB-SBRC},
  volume = {2},
  number = {1/2018},
  year = {2018},
  keywords = {},
  issn = {2595-2706},
  url = {http://portaldeconteudo.sbc.org.br/index.php/courb/article/view/2341}
}

@article{coccaopt,
title = "Free floating electric car sharing design: Data driven optimisation",
journal = "Pervasive and Mobile Computing",
volume = "55",
pages = "59 - 75",
year = "2019",
issn = "1574-1192",
doi = "10.1016/j.pmcj.2019.02.007",
url = "http://www.sciencedirect.com/science/article/pii/S1574119218305170",
author = "Michele Cocca and Danilo Giordano and Marco Mellia and Luca Vassio",
keywords = "Car sharing, Electric vehicle, Data driven optimisation, Charging station placement, Free floating"
}

@ARTICLE{coccacar,
author={M. {Cocca} and D. {Giordano} and M. {Mellia} and L. {Vassio}},
journal={IEEE Transactions on Intelligent Transportation Systems},
title={Free Floating Electric Car Sharing: A Data Driven Approach for System Design},
year={2019},
volume={},
number={},
pages={1-13},
keywords={Car sharing;electric vehicle;data driven optimization;charging station;free floating.},
doi={10.1109/TITS.2019.2932809}
}
