
@article{bardhi:12, 
title={Access-Based Consumption: The Case of Car Sharing: Table 1.}, 
volume={39}, 
DOI={10.1086/666376}, 
number={4}, 
journal={Journal of Consumer Research}, 
author={Bardhi, Fleura and Eckhardt, Giana M.}, 
year={2012}, 
month={Jan}, 
pages={881–898}}

@article{shaheen:16, 
title={Mobility and the Sharing Economy: Potential to Facilitate the First- and Last-Mile Public Transit Connections}, 
volume={42}, 
DOI={10.2148/benv.42.4.573}, 
number={4}, 
journal={Built Environment}, 
author={Shaheen, Susan and Chan, Nelson}, 
year={2016}, 
month={Jan}, 
pages={573–588}}

@article{barbosa:18,
  title={Human mobility: Models and applications},
  author={Barbosa, Hugo and Barthelemy, Marc and Ghoshal, Gourab and James, Charlotte R and Lenormand, Maxime and Louail, Thomas and Menezes, Ronaldo and Ramasco, Jos{\'e} J and Simini, Filippo and Tomasini, Marcello},
  journal={Physics Reports},
  year={2018},
  publisher={Elsevier}
}

@article{herrera:10,
  title={Evaluation of traffic data obtained via GPS-enabled mobile phones: The Mobile Century field experiment},
  author={Herrera, Juan C and Work, Daniel B and Herring, Ryan and Ban, Xuegang Jeff and Jacobson, Quinn and Bayen, Alexandre M},
  journal={Transportation Research Part C: Emerging Technologies},
  volume={18},
  number={4},
  pages={568--583},
  year={2010},
  publisher={Elsevier}
}

@inproceedings{boldrini:16,
  title={Characterising demand and usage patterns in a large station-based car sharing system},
  author={Boldrini, Chiara and Bruno, Raffaele and Conti, Marco},
  booktitle={proceedings of the IEEE Conference on Computer Communications Workshops (INFOCOM WKSHPS)},
  pages={572--577},
  year={2016}
  
}

@article{becker:17,
  title={Comparing car-sharing schemes in Switzerland: User groups and usage patterns},
  author={Becker, Henrik and Ciari, Francesco and Axhausen, Kay W},
  journal={Transportation Research Part A: Policy and Practice},
  volume={97},
  pages={17--29},
  year={2017},
  publisher={Elsevier}
}

@inproceedings{rooke:19,
  title={Characterizing Usage Patterns and Service Demand of a Two-Way Car-Sharing System},
  author={Rooke, Felipe and Alencar, Victor A. and Vieira, Alex B. and Almeida, Jussara M. and Idilio, Drago},
  booktitle={Big Social Data and Urban Computing},
  pages={01--15},
  year={2019},
  publisher={Springer Nature Switzerland AG}
}

@book{botsman:10,
  title={What's Mine Is Yours: The Rise of Collaborative Consumption},
  author={Botsman, R. and Rogers, R.},
  isbn={9780062014054},
  year={2010},
  publisher={HarperCollins}
}

@inproceedings{Ma:2013, 
    author={S. Ma and Y. Zheng and O. Wolfson}, 
    booktitle={proceedings of the IEEE Conference on Data Engineering (ICDE), 29th International Conference}, 
    title={T-share: A large-scale dynamic taxi ridesharing service}, 
    year={2013}, 
    pages={410-421}, 
    keywords={Global Positioning System;graph theory;mobile computing;road traffic;traffic engineering computing;GPS trajectory dataset;T-share;energy consumption;large-scale dynamic taxi ridesharing service;lazy shortest path calculation;scheduling algorithm;spatio-temporal distribution;spatio-temporal index;taxi searching algorithm;travel distance;Dynamic scheduling;Energy consumption;Heuristic algorithms;Indexes;Real-time systems;Roads;Schedules}, 
    doi={10.1109/ICDE.2013.6544843}, 
    ISSN={1063-6382}, 
    month={April},
}

@INPROCEEDINGS{ciociolaumap, 
author={A. Ciociola and M. Cocca and D. Giordano and M. Mellia and A. Morichetta and A. Putina and F. Salutari}, 
booktitle={proceedings of the IEEE Conference on SmartWorld, Ubiquitous Intelligence Computing, Advanced Trusted Computed, Scalable Computing Communications, Cloud Big Data Computing, Internet of People and Smart City Innovation (SmartWorld/SCALCOM/UIC/ATC/CBDCom/IOP/SCI)}, 
title={UMAP: Urban mobility analysis platform to harvest car sharing data}, 
year={2017}, 
volume={}, 
number={}, 
pages={1-8}, 
keywords={automobiles;data analysis;data mining;Internet;mobile computing;smart cities;smart phones;traffic engineering computing;smart cities;smartphone app;car sharing platforms;advanced information;usage data;smart city planners;Web platforms;urban mobility analysis platform;car sharing data harvesting;Web-based backend;information exchange;driving habit extraction;information extraction;analytics modules;Turin City;temporal properties;spatial properties;rentals;customer habit characterization;public transportation;driving style;Automobiles;Urban areas;Data mining;Crawlers;Google;Tools;Data acquisition}, 
doi={10.1109/UIC-ATC.2017.8397566}, 
ISSN={}, 
month={Aug},}

@article{becker2017comparing,
  title={Comparing car-sharing schemes in Switzerland: User groups and usage patterns},
  author={Becker, Henrik and Ciari, Francesco and Axhausen, Kay W},
  journal={Transportation Research Part A: Policy and Practice},
  volume={97},
  pages={17--29},
  year={2017},
  publisher={Elsevier}
}

@article{shaheen2016mobility,
  title={Mobility and the sharing economy},
  journal={Transport Policy},
  volume={51},
  number={Supplement C},
  pages={141 - 142},
  year={2016},
  issn={0967-070X},
  doi= {https://doi.org/10.1016/j.tranpol.2016.01.008},
  url = {http://www.sciencedirect.com/science/article/pii/S0967070X16000020},
  author = {Susan A. Shaheen}
}

@article{harms1998emergence,
  title={The emergence of a nation-wide carsharing co-operative in Switzerland},
  author={Harms, Sylvia and Truffer, Bernard},
  journal={A case-study for the EC-supported rsearch project “Strategic Niche Management as a tool for transition to a sustainable transport system”, EAWAG: Z{\"u}rich},
  year={1998}
}

@book{millard2005car,
  title={Car-sharing: Where and how it succeeds},
  author={Millard-Ball, Adam},
  volume={108},
  year={2005},
  publisher={Transportation Research Board}
}


@article{ciari2014modeling,
  title={Modeling station-based and free-floating carsharing demand: test case study for Berlin},
  author={Ciari, Francesco and Bock, Benno and Balmer, Michael},
  journal={Transportation Research Record: Journal of the Transportation Research Board},
  number={2416},
  pages={37--47},
  year={2014},
  publisher={Transportation Research Board of the National Academies}
}

@article{stillwater2009carsharing,
  title={Carsharing and the built environment: Geographic information system-based study of one US operator},
  author={Stillwater, Tai and Mokhtarian, Patricia and Shaheen, Susan},
  journal={Transportation Research Record: Journal of the Transportation Research Board},
  number={2110},
  pages={27--34},
  year={2009},
  publisher={Transportation Research Board of the National Academies}
}

@article{burkhardt2006attracted,
  title={Who is attracted to carsharing?},
  author={Burkhardt, Jon and Millard-Ball, Adam},
  journal={Transportation Research Record: Journal of the Transportation Research Board},
  number={1986},
  pages={98--105},
  year={2006},
  publisher={Transportation Research Board of the National Academies}
}

@article{cervero2004city,
  title={City CarShare in San Francisco, California: second-year travel demand and car ownership impacts},
  author={Cervero, Robert and Tsai, Yuhsin},
  journal={Transportation Research Record: Journal of the Transportation Research Board},
  number={1887},
  pages={117--127},
  year={2004},
  publisher={Transportation Research Board of the National Academies}
}

@techreport{shaheen2010carsharing,
  title={Carsharing and public parking policies: assessing benefits, costs, and best practices in North America},
  author={Shaheen, Susan A and Rodier, Caroline and Murray, Gail and Cohen, Adam and Martin, Elliot},
  year={2010}
}

@article{martin2011impact,
  title={The impact of carsharing on public transit and non-motorized travel: an exploration of North American carsharing survey data},
  author={Martin, Elliot and Shaheen, Susan},
  journal={Energies},
  volume={4},
  number={11},
  pages={2094--2114},
  year={2011},
  publisher={Molecular Diversity Preservation International}
}

@article{kopp2015sharing,
  title={Do sharing people behave differently? An empirical evaluation of the distinctive mobility patterns of free-floating car-sharing members},
  author={Kopp, Johanna and Gerike, Regine and Axhausen, Kay W},
  journal={Transportation},
  volume={42},
  number={3},
  pages={449--469},
  year={2015},
  publisher={Springer}
}

@article{rooke2018caracterizacao,
	author = {Felipe Rooke and Victor Aquiles and Alex Borges Vieira and Douglas do Couto Teixeira and Jussara M. Almeida and Idilio Drago},
	title = {Caracteriza\c{c}\~ao de Padr\~oes de Demanda e Uso de um Sistema de Compartilhamento de Ve\'{\i}culos de Duas Vias},
	journal = {Workshop de Computa\c{c}\~ao Urbana COURB-SBRC},
	volume = {2},
	number = {1/2018},
	year = {2018},
	keywords = {},
	issn = {2595-2706},
	url = {http://portaldeconteudo.sbc.org.br/index.php/courb/article/view/2341}
}

@article{coccaopt,
title = "Free floating electric car sharing design: Data driven optimisation",
journal = "Pervasive and Mobile Computing",
volume = "55",
pages = "59 - 75",
year = "2019",
issn = "1574-1192",
doi = "10.1016/j.pmcj.2019.02.007",
url = "http://www.sciencedirect.com/science/article/pii/S1574119218305170",
author = "Michele Cocca and Danilo Giordano and Marco Mellia and Luca Vassio",
keywords = "Car sharing, Electric vehicle, Data driven optimisation, Charging station placement, Free floating"
}

@ARTICLE{coccacar,
author={M. {Cocca} and D. {Giordano} and M. {Mellia} and L. {Vassio}},
journal={IEEE Transactions on Intelligent Transportation Systems},
title={Free Floating Electric Car Sharing: A Data Driven Approach for System Design},
year={2019},
volume={},
number={},
pages={1-13},
keywords={Car sharing;electric vehicle;data driven optimization;charging station;free floating.},
doi={10.1109/TITS.2019.2932809}
}