@misc{car2goAPI,
  title = {car2go API},
  howpublished = {\url{https://github.com/car2go/openAPI}},
  note = {Accessed: 10/03/2017}
}

@inproceedings{Herrmann2014,
  title={Increasing acceptance of free-floating car sharing systems using smart relocation strategies: a survey based study of car2go Hamburg},
  author={Herrmann, Sascha and Schulte, Frederik and Vo{\ss}, Stefan},
  booktitle={International Conference on Computational Logistics},
  pages={151--162},
  year={2014},
  organization={Springer}
}

@article{Schulte2015,
  title={Decision support for environmental-friendly vehicle relocations in free-floating car sharing systems: The case of car2go},
  author={Schulte, Frederik and Vo{\ss}, Stefan},
  journal={Procedia CIRP},
  volume={30},
  pages={275--280},
  year={2015},
  publisher={Elsevier}
}
@inproceedings{Wagner2015, 
 author={S. Wagner and T. Brandt and D. Neumann}, 
 booktitle={2015 48th Hawaii International Conference on System Sciences}, 
 title={Data Analytics in Free-Floating Carsharing: Evidence from the City of Berlin}, 
 year={2015}, 
 pages={897-907}, 
 keywords={data analysis;geographic information systems;traffic engineering computing;City of  Berlin;data analytics;free-floating car sharing;geographically weighted regression;global  market;public transport;vehicle ownership;zero-inflated regression;Biological system  modeling;Business;Cities and towns;Data models;Face;Vehicles;Carsharing;Data analysis;Decision  Support;Location-based services;Visualization}, 
 doi={10.1109/HICSS.2015.112}, 
 ISSN={1530-1605}, 
month={Jan},
}
@article{Schmoller2015,
 title = {Empirical analysis of free-floating carsharing usage: The Munich and Berlin case},
 journal = {Transportation Research Part C: Emerging Technologies},
 volume = {56},
 number = "",
 pages = {34 - 51},
 year = {2015},
 note = "",
 issn = {0968-090X},
 doi = {http://dx.doi.org/10.1016/j.trc.2015.03.008},
 url = {http://www.sciencedirect.com/science/article/pii/S0968090X1500087X},
 author = {Stefan Schmöller and Simone Weikl and Johannes Möller and Klaus Bogenberger},
 keywords = {Carsharing, Free-floating carsharing systems, Demand analysis, Mobility services, External influences}
}


@article{Kopp2015,
title = {Do sharing people behave differently? An empirical evaluation of the distinctive mobility patterns of free-floating car-sharing members},
author = {Kopp, Johanna and Gerike, Regine and Axhausen, Kay},
year = {2015},
journal = {Transportation},
volume = {42},
number = {3},
pages = {449-469},
keywords = {Free-floating car-sharing; DriveNow; Travel behaviour; Modal split; Multimodality; GPS tracking},
url = {http://EconPapers.repec.org/RePEc:kap:transp:v:42:y:2015:i:3:p:449-469},
publisher = {Springer}
}

@article{Firnkorn2011,
title = {What will be the environmental effects of new free-floating car-sharing systems? The case of car2go in Ulm},
journal = {Ecological Economics},
volume = {70},
number = {8},
pages = {1519--1528},
year = {2011},
issn = {0921-8009},
doi = {http://dx.doi.org/10.1016/j.ecolecon.2011.03.014},
url = {http://www.sciencedirect.com/science/article/pii/S0921800911001030},
author = {Jörg Firnkorn and Martin Müller},
keywords = {Car-sharing,Environmental effect,Free-floating system,Public-private transportation",Product-service system}
}

@article{Firnkorn2012,
title = {Triangulation of two methods measuring the impacts of a free-floating carsharing system in Germany},
journal = {Transportation Research Part A: Policy and Practice},
volume = {46},
number = {10},
pages = {1654 - 1672},
year = {2012},
note = "",
issn = {0965-8564},
doi = {http://dx.doi.org/10.1016/j.tra.2012.08.003},
url = {http://www.sciencedirect.com/science/article/pii/S0965856412001334},
author = {Jörg Firnkorn},
keywords = {Triangulation, Impact measurement, Free-floating carsharing system, Empirical study, Modal split, car2go}
}

@techreport{Wang2017,
  title={Complement or Competitior? Comparing car2go and Transit Travel Times, Prices, and Usage Patterns in Seattle},
  author={X. Wang and D. MacKenzie and Z. Cui},
  year={2017}
}

@article{Kortum2016,
  title={Free-Floating Carsharing: City-Specific Growth Rates and Success Factors},
  author={K. Kortum and R. Schönduwe, B. Stolte and B. Bock},
  journal={Transportation Research Procedia},
  volume={19},
  pages={328--340},
  year={2016},
  publisher={Elsevier}
}

@article{Tyndall2016,
  title={Where No Cars Go: Free-Floating Carshare and Inequality of Access},
  author={J. Tyndall},
  journal={International Journal of Sustainable Transportation},
  number={just-accepted},
  year={2016},
  publisher={Taylor \& Francis}
}

@article{Ciari2013,
  title={Estimation of carsharing demand using an activity-based microsimulation approach: model discussion and some results},
  author={F. Ciari and N. Schuessler and K. W. Axhausen},
  journal={International Journal of Sustainable Transportation},
  volume={7},
  number={1},
  pages={70--84},
  year={2013},
  publisher={Taylor \& Francis}
}

@article{Ferrero2016,
  title={Business models and tariff simulation in car-sharing services},
  author={F. Ferrero and G. Perboli and S. Musso and A. G. A. Vesco},
  year={2016},
  publisher={Politecnico di Torino}
}