@misc{car2goAPI,
  title = {car2go API},
  howpublished = {\url{https://github.com/car2go/openAPI}},
  note = {Accessed: 10/03/2017}
}

@inproceedings{Herrmann2014,
  title={Increasing acceptance of free-floating car sharing systems using smart relocation strategies: a survey based study of car2go Hamburg},
  author={Herrmann, Sascha and Schulte, Frederik and Vo{\ss}, Stefan},
  booktitle={International Conference on Computational Logistics},
  pages={151--162},
  year={2014},
  organization={Springer}
}

@inproceedings{bi2017simulation,
  title={A simulation-based heuristic for city-scale electric vehicle charging station placement},
  author={Bi, Ran and Xiao, Jiajian and Pelzer, Dominik and Ciechanowicz, David and Eckhoff, David and Knoll, Alois},
  booktitle={Intelligent Transportation Systems (ITSC), 2017 IEEE 20th International Conference on},
  pages={1--7},
  year={2017},
}

 @article{Schulte2015,
   title={Decision support for environmental-friendly vehicle relocations in free-floating car sharing systems: The case of car2go},
   author={Schulte, Frederik and Vo{\ss}, Stefan},
   journal={Procedia CIRP},
   volume={30},
   pages={275--280},
   year={2015},
   publisher={Elsevier}
 }

 @inproceedings{Wagner2015, 
    author={S. Wagner and T. Brandt and D. Neumann}, 
    booktitle={2015 48th Hawaii International Conference on System Sciences}, 
    title={Data Analytics in Free-Floating Carsharing: Evidence from the City of {B}erlin}, 
    year={2015}, 
    pages={897-907}, 
 }

 @article{Schmoller2015,
  title = {Empirical analysis of free-floating carsharing usage: The {M}unich and {B}erlin case},
  journal = {Transportation Research Part C: Emerging Technologies},
  volume = {56},
  number = "",
  pages = {34 - 51},
  year = {2015},
  author = {Stefan Schmöller and Simone Weikl and Johannes Möller and Klaus Bogenberger},
 }

 @article{Kopp2015,
   title = {Do sharing people behave differently? An empirical evaluation of the distinctive mobility patterns of free-floating car-sharing members},
   author = {Kopp, Johanna and Gerike, Regine and Axhausen, Kay},
   year = {2015},
   journal = {Transportation},
   volume = {42},
   number = {3},
   pages = {449-469},
   keywords = {Free-floating car-sharing; DriveNow; Travel behaviour; Modal split; Multimodality; GPS tracking},
 }

 @article{Firnkorn2011,
   author = {J\"{o}rg Firnkorn and Martin M\"{u}ller},
   title = {What will be the environmental effects of new free-floating car-sharing systems? The case of car2go in {U}lm},
   journal = {Ecological Economics},
   volume = {70},
   number = {8},
   pages = {1519--1528},
   year = {2011},
   keywords = {Car-sharing,Environmental effect,Free-floating system,Public-private transportation}
 }

 @article{Firnkorn2012,
   title = {Triangulation of two methods measuring the impacts of a free-floating carsharing system in Germany},
   journal = {Transportation Research Part A: Policy and Practice},
   volume = {46},
   number = {10},
   pages = {1654 - 1672},
   year = {2012},
   author = {Jörg Firnkorn},
   keywords = {Triangulation, Impact measurement, Free-floating carsharing system, Empirical study, Modal split, car2go}
 }

 @inproceedings{UMAP,
   title = {{UMAP}: Urban Mobility Analysis Platform to Harvest Car Sharing Data},
   author = {Alessandro Ciociola and Michele Cocca and Danilo Giordano and Marco Mellia and Andrea Morichetta and Andrian Putina and Flavia Salutari},
   booktitle={Proceedings of the IEEE Smart City Innovations 2017},
   year={2017},
 	}

 @techreport{Wang2017,
   title={Complement or Competitor? Comparing car2go and Transit Travel Times, Prices, and Usage Patterns in Seattle},
   author={X. Wang and D. MacKenzie and Z. Cui},
   year={2017}
 }

 @article{Tyndall2016,
   title={Where No Cars Go: Free-Floating Carsharing and Inequality of Access},
   author={J. Tyndall},
   journal={International Journal of Sustainable Transportation},
   number={just-accepted},
   year={2016},
 }

 @article{Ciari2013,
   title={Estimation of carsharing demand using an activity-based microsimulation approach: model discussion and some results},
   author={F. Ciari and N. Schuessler and K. W. Axhausen},
   journal={International Journal of Sustainable Transportation},
   volume={7},
   number={1},
   pages={70--84},
   year={2013},
 }

 @article{Ferrero2016,
   title={Business models and tariff simulation in car-sharing services},
   author={F. Ferrero and G. Perboli and S. Musso and A. G. A. Vesco},
   year={2016},
   publisher={Politecnico di Torino}
 }

 @article{FM15,
 	title = {Free-floating electric carsharing-fleets in smart cities: The dawning of a post-private car era in urban environments?},
 	journal = {Environmental Science \& Policy},
 	volume = {45},
 	pages = {30 - 40},
 	year = {2015},
 	author = {Jorg Firnkorn and Martin Muller},
 	keywords = {Carsharing, Electric car, Randomised controlled trial, Private car reduction, , Policy implication}
 }

 @article{WB15,
 	title = {A practice-ready relocation model for free-floating carsharing systems with electric vehicles – Mesoscopic approach and field trial results},
 	journal = {Transportation Research Part C: Emerging Technologies},
 	volume = {57},
 	pages = {206 - 223},
 	year = {2015},
 	author = {Simone Weikl and Klaus Bogenberger},
 	keywords = {Carsharing, Vehicle imbalance, Relocation, Real world field test}
  }

 @inproceedings{1_BrendelBrennecke_2015,
 	author = {Brendel, Alfred and Tim Brennecke, Julian and Zapadka, Patryk and M Kolbe, Lutz},
 	title = {A Decision Support System for Computation of Carsharing Pricing Areas and its Influence on Vehicle Distribution}
 }

 @inproceedings{2_FlathIlgWeinhardt_2012,
     author = {Flath, Christoph and Ilg, Jens and Weinhardt, Christof},
     title = {Decision Support for Electric Vehicle Charging},
     booktitle = {Proceedings of the 18th Americas Conference on Information Systems (AMCIS 2012), Seattle, Washington, USA, 9 - 12 August 2012. Association for Information Systems},
     year={2012}
 }

 @article{3_RickenbergGebhardtBreitner_2013,
   author = {Rickenberg, T.A.A. and Gebhardt, A and Breitner, M.H.},
   year = {2013},
   month = {01},
   title = {A decision support system for the optimization of car sharing stations},
   journal = {ECIS 2013 - Proceedings of the 21st European Conference on Information Systems}
 }

 @inproceedings{4_Eisel_2015,
   title={Applying Demand Response Programs for Electric Vehicle Fleets},
   author={Matthias Eisel and Bj{\"o}rn Hildebrandt and Lutz Kolbe and Johannes Schmidt},
   booktitle={AMCIS},
   year={2015}
 }

@inproceedings{5_SonnebergKune_2015,
 author = {Marc, Sonneberg and Kathrin, Kuehne and Michaelm Breitner},
 title = {A Decision Support System for the Optimization of Electric Car Sharing Stations},
 year = {2015}
 }

 @inproceedings{6_BrendelLichtenberg_2017,
 	author = {Brendel, Alfred and Lichtenberg, Sascha and Nastjuk, Ilja and M Kolbe, Lutz},
 	year = {2017},
 	title = {Adapting Carsharing Vehicle Relocation Strategies for Shared Autonomous Electric Vehicle Services}
 }
 
 @inproceedings{7_BrendelRockenkamm_2015,
  title={Generating Rental Data for Car Sharing Relocation Simulations on the Example of Station-Based One-Way Car Sharing},
  author={Alfred Benedikt Brendel and Christian Rockenkamm and Lutz Maria Kolbe},
  booktitle={HICSS},
  year={2017}
}

 @inproceedings{8_Wagner2015DataAF,
   title={Data Analytics for Location-Based Services: Enabling User-Based Relocation of Carsharing Vehicles},
   author={Sebastian Wagner and Christoph Willing and Tobias Brandt and Dirk Neumann},
   booktitle={ICIS},
   year={2015}
 }

 @article{EvaluatingCarsharingBenefits,
 	title = {Evaluating Carsharing Benefits},
 	journal = {GeoJournal},
 	volume = {1702},
 	author = {Todd Alexander Litman},
 	year = {2015},
 }

 @inproceedings{plugPowers, 
 	author={Maria Carmen Falvo and Danilo Sbordone and Safak Bayram and Michael Devetsikiotis}, 
 	booktitle={2014 Symposium on Power Electronics, Electrical Drives, Automation and Motion}, 
 	title={{EV} charging stations and modes: International standards}, 
 	year={2014}, 
 	keywords={Batteries, Standards, Charging stations, Europe, Connectors, Vehicles}, 
 }

 @article{EVbenefits,
 	title = {Emissions Impacts and Benefits of Plug-In Hybrid Electric Vehicles and Vehicle-to-Grid Services},
 	journal = {Environ. Sci. Technol},
 	volume = {43},
 	number = {4},
 	pages = {1199–1204},
 	year = {2009},
 	author = {Ramteen Sioshansi, Paul Denholm},
 	keywords = {Carsharing, Vehicle imbalance, Relocation, Real world field test}
 }

 @inproceedings{Car2GoGlobalAnalysis,
 	title = {Comparison of free-floating car sharing services in cities},
 	booktitle = {European Council of Energy Efficient Economy  Summer Study},
 	pages = {771-778},
 	year = {2016},
 	author = {Shiva Habibi and Frances Sprei and Cristofer Englundn and Stefan Pettersson and Alex Voronov and Johan Wedlin and Henrik Engdahl}
 }




 @inproceedings{ChargingStationForVehicularNetworks,
  author = {Hess, Andrea and Malandrino, Francesco and Reinhardt, Moritz Bastian and Casetti, Claudio and Hummel, Karin Anna and Barcel\'{o}-Ordinas, Jose M.},
  title = {Optimal Deployment of Charging Stations for Electric Vehicular Networks},
  booktitle = {Proceedings of the First Workshop on Urban Networking},
  year = {2012},
  location = {Nice, France},
  pages = {1--6},
 } 



 @inproceedings{PlacementAndPowergrid,
 	author={P. Phonrattanasak and N. Leeprechanon}, 
 	booktitle={2014  Conference and Utility Exhibition on Green Energy for Sustainable Development (ICUE)}, 
 	title={Optimal placement of EV fast charging stations considering the impact on electrical distribution and traffic condition}, 
 	year={2014}, 
 	volume={}, 
 	number={},  
 }


 @inproceedings{mipCSPpechino,
 	author = {Zihao Jiao and Lun Ran and Jing Chen and Hui Meng and Chong Li},
 	title = {Data-Driven Approach to Operation and Location Considering Range Anxiety of One-Way Electric Vehicles Sharing System},
 	booktitle = {8th International Conference on Applied Energy},
 	year = {2016},
 }

 @inproceedings{RangeAnxiety,
 	author = {Jung, Malte F. and Sirkin, David and G\"{u}r, Turgut M. and Steinert, Martin},
 	title = {Displayed Uncertainty Improves Driving Experience and Behavior: The Case of Range Anxiety in an Electric Car},
 	booktitle = {Proceedings of the 33rd Annual ACM Conference on Human Factors in Computing Systems},
 	year = {2015}
 }

 @article {FM12,
 author = {Firnkorn, J\"{o}rg and M\"{u}ller, Martin},
 title = {Selling Mobility instead of Cars: New Business Strategies of Automakers and the Impact on Private Vehicle Holding},
 journal = {Business Strategy and the Environment},
 volume = {21},
 number = {4},
 publisher = {John Wiley & Sons, Ltd},
 pages = {264--280},
 keywords = {urban mobility, environmental strategy, product–service system, automotive industry, empirical study, car-sharing, car2go, mobility on demand},
 year = {2012},
 }


 @inproceedings{taormina,
 	author = {Michele Cocca and Danilo Giordano and Luca Vassio and Marco Mellia},
 	title = {Free Floating Electric Car Sharing in Smart Cities: Data Driven System Dimensioning},
 	booktitle = {4th IEEE International Conference on Smart Computing},
 	year = {2018},
 }


 @inproceedings{maui, 
 author={M. Cocca and D. Giordano and M. Mellia and L. Vassio}, 
 booktitle={2018 21st International Conference on Intelligent Transportation Systems (ITSC)}, 
 title={Data Driven Optimization of Charging Station Placement for EV Free Floating Car Sharing}, 
 year={2018}, 
 volume={}, 
 number={}, 
 pages={2490-2495}, 
 keywords={Automobiles;Urban areas;Charging stations;Batteries;Cascading style sheets;State of charge;Plugs}, 
 doi={10.1109/ITSC.2018.8569256}, 
 ISSN={2153-0017}, 
 month={Nov}
 }

 %Paper su analisi carsharing da web mining di CAR2Go di verse citta
 @article{Kortum2016,
 title = "Free-Floating Carsharing: City-Specific Growth Rates and Success Factors",
 journal = "Transportation Research Procedia",
 volume = "19",
 pages = "328 - 340",
 year = "2016",
 author = "Katherine Kortum and Robert Schönduwe and Benjamin Stolte and Benno Bock",
 }


 @inproceedings{placementAustin,
 	author = {Chen, T.D. and Kockelman, K.M. and Khan, M},
 		title = {The electric vehicle charging station location problem: A parking-based assignment method for Seattle},
 	booktitle = {92nd Transportation Research Board  Meeting},
 	year = {2013},
 	pages = {13-1254}

 }


 %Our dataset
 @misc{MicheleGithub,
     title = {{UMAP and electric car sharing simulator. Anonymized datasaset of 2 months of trips of car sharing users in the city of Turin}},
     howpublished = {\url{https://github.com/michelelt/sim3.0}},
 }


 %OPTIMIZATION EXPENSIVE REFERENCES
 @book{FP09,
  author = {Floudas, Christodoulos C. A. and Pardalos, P. M.},
  title = {Encyclopedia of Optimization},
  year = {2006},
  isbn = {0387336249},
  publisher = {Springer-Verlag},
 } 
 
 @book{GO89,
  author = {Goldberg, David E.},
  title = {Genetic Algorithms in Search, Optimization and Machine Learning},
  year = {1989},
  isbn = {0201157675},
  edition = {1st},
  publisher = {Addison-Wesley Longman Publishing},
 } 
 
 @book{RA09,
 title = "Engineering Optimization: Theory and Practice: Fourth Edition",
 author = "Rao, {Singiresu S.}",
 year = "2009",
 language = "English",
 isbn = "9780470183526",
 publisher = "John Wiley and Sons",
 }

 %COORDINATE DESCENT
 @article{CoordinateDescent,
  author = {Wright, Stephen J.},
  title = {Coordinate Descent Algorithms},
  journal = {Math. Program.},
  issue_date = {June      2015},
  volume = {151},
  number = {1},
  month = jun,
  year = {2015},
  issn = {0025-5610},
  pages = {3--34},
  numpages = {32},
  publisher = {Springer-Verlag New York, Inc.},
  address = {Secaucus, NJ, USA},
 } 

 @article{flath2012decision,
   title={Decision support for electric vehicle charging},
   author={Flath, Christoph and Ilg, Jens and Weinhardt, Christof},
   year={2012}
 }

 @techreport{USAInstallCost,
   title={Costs Associated With Non-Residential Electric Vehicle Supply Equipment: Factors to consider in the implementation of electric vehicle charging stations},
   author={M. Smith and J. Castellano},
   year={2015}
 }

 @article{MarcheInstallCost,
 title = "Urban public charging station locating method for electric vehicles based on land use approach",
 journal = "Journal of Transport Geography",
 volume = "74",
 pages = "173 - 180",
 year = "2019",
 author = "Csaba Csiszár and Bálint Csonka and Dávid Földes and Ervin Wirth and Tamás Lovas",
 }