@book{brockwell2016introduction,
  title={Introduction to time series and forecasting},
  author={Brockwell, Peter J and Davis, Richard A},
  year={2016},
  publisher={springer}
}

@article{7_currie2017,
Author = {Currie, Janet and Walker, Reed},
Title = {Traffic Congestion and Infant Health: Evidence from E-ZPass},
Journal = {American Economic Journal: Applied Economics},
Volume = {3},
Number = {1},
Year = {2011},
Month = {January},
Pages = {65-90},
}

@article{8_ZHANG2013307,
title = "Air pollution and health risks due to vehicle traffic",
journal = "Science of The Total Environment",
volume = "450-451",
pages = "307 - 316",
year = "2013",
issn = "0048-9697",
author = "Kai Zhang and Stuart Batterman",
}

@article{10_litman2001generated,
  title={Generated traffic: Implications for transport planning},
  author={Litman, Todd and Colman, Steven B},
  journal={ITE journal},
  volume={71},
  number={4},
  pages={38--46},
  year={2001},
  publisher={Citeseer}
}

@techreport{9_hartgen2009gridlock,
  title={Gridlock and growth: the effect of traffic congestion on regional economic performance},
  author={Hartgen, David T and Fields, M Gregory and Moore, Adrian T},
  year={2009},
  institution={Reason Foundation Los Angeles, CA}
}

@article{11_goodwin2004economic,
  title={The economic costs of road traffic congestion},
  author={Goodwin, Phil},
  year={2004},
  institution={UCL (University College London), The Rail Freight Group}
}


@article{12_LitmanCSbenefits,
author = {Todd Litman},
title ={Evaluating Carsharing Benefits},
journal = {Transportation Research Record},
volume = {1702},
number = {1},
pages = {31-35},
year = {2000},
}

@article{14_firnkorn2011will,
  title={What will be the environmental effects of new free-floating car-sharing systems? The case of car2go in Ulm},
  author={Firnkorn, J{\"o}rg and M{\"u}ller, Martin},
  journal={Ecological Economics},
  volume={70},
  number={8},
  pages={1519--1528},
  year={2011},
  publisher={Elsevier}
}

@article{14_firnkorn2012selling,
  title={Selling mobility instead of cars: new business strategies of automakers and the impact on private vehicle holding},
  author={Firnkorn, J{\"o}rg and M{\"u}ller, Martin},
  journal={Business Strategy and the environment},
  volume={21},
  number={4},
  pages={264--280},
  year={2012},
  publisher={Wiley Online Library}
}

@misc{car2goAPI,
  title = {car2go API},
  howpublished = {\url{https://github.com/car2go/openAPI}},
  note = {Accessed: 10/11/2019}
}


@misc{census,
  title = {Vancouver Census 2016},
  howpublished = {\url{https://opendata.vancouver.ca/explore/dataset/census-local-area-profiles-2016/information/}},
  note = {Accessed: 10/09/2019}
}

@inproceedings{UMAP,
    title = {{UMAP}: Urban Mobility Analysis Platform to Harvest Car Sharing Data},
    author = {Alessandro Ciociola and Michele Cocca and Danilo Giordano and Marco Mellia and Andrea Morichetta and Andrian Putina and Flavia Salutari},
    booktitle={Proocedings of IEEE Smart City Innovations},
    year={2017},
	}
	
@article{2_okutani1984dynamic,
  title={Dynamic prediction of traffic volume through Kalman filtering theory},
  author={Okutani, Iwao and Stephanedes, Yorgos J},
  journal={Transportation Research Part B: Methodological},
  volume={18},
  number={1},
  pages={1--11},
  year={1984},
  publisher={Elsevier}
}

@article{3_clark2003traffic,
  title={Traffic prediction using multivariate nonparametric regression},
  author={Clark, Stephen},
  journal={Journal of transportation engineering},
  volume={129},
  number={2},
  pages={161--168},
  year={2003},
  publisher={American Society of Civil Engineers}
}


@article{13_firnkorn2012selling,
  title={Selling mobility instead of cars: new business strategies of automakers and the impact on private vehicle holding},
  author={Firnkorn, J{\"o}rg and M{\"u}ller, Martin},
  journal={Business Strategy and the environment},
  volume={21},
  number={4},
  pages={264--280},
  year={2012},
  publisher={Wiley Online Library}
}

@article{18_becker2017comparing,
  title={Comparing car-sharing schemes in Switzerland: User groups and usage patterns},
  author={Becker, Henrik and Ciari, Francesco and Axhausen, Kay W},
  journal={Transportation Research Part A: Policy and Practice},
  volume={97},
  pages={17--29},
  year={2017},
  publisher={Elsevier}
}


@article{17_ciari2016evaluating,
  title={Evaluating the influence of carsharing stationsâ€™ location on potential membership: a Swiss case study},
  author={Ciari, Francesco and Weis, Claude and Balac, Milos},
  journal={EURO Journal on Transportation and Logistics},
  volume={5},
  number={3},
  pages={345--369},
  year={2016},
  publisher={Springer}
}

@article{scikitlearn,
 title={Scikit-learn: Machine Learning in {P}ython},
 author={Pedregosa, F. and Varoquaux, G. and Gramfort, A. and Michel, V.
         and Thirion, B. and Grisel, O. and Blondel, M. and Prettenhofer, P.
         and Weiss, R. and Dubourg, V. and Vanderplas, J. and Passos, A. and
         Cournapeau, D. and Brucher, M. and Perrot, M. and Duchesnay, E.},
 journal={Journal of Machine Learning Research},
 volume={12},
 pages={2825--2830},
 year={2011}
}

@misc{chollet2015keras,
  title={Keras},
  author={Chollet, Fran\c{c}ois and others},
  year={2015},
  howpublished={\url{https://keras.io}},
}

@article{ciari2013estimation,
  title={Estimation of carsharing demand using an activity-based microsimulation approach: model discussion and some results},
  author={Ciari, Francesco and Schuessler, Nadine and Axhausen, Kay W},
  journal={International Journal of Sustainable Transportation},
  volume={7},
  number={1},
  pages={70--84},
  year={2013},
  publisher={Taylor \& Francis}
}

@article{catalano2008car,
	author = {Mario Catalano and Barbara Lo Casto and Marco Migliore},
	title = {Car sharing demand estimation and urban transport demand modelling using stated preference techniques},
	year = {2008},
	publisher = {EUT Edizioni Universit{\`a} di Trieste},
	journal = {European Transport},
	keywords = {Car sharing; Car pooling; Stated Preference; Random Utility Models; Sustainable transport systems; },
    issn = {1825-3997}, 
    volume={40},
    pages={33--50},
}

@article{schmoller2015empirical,
  title={Empirical analysis of free-floating carsharing usage: The Munich and Berlin case},
  author={Schm{\"o}ller, Stefan and Weikl, Simone and M{\"u}ller, Johannes and Bogenberger, Klaus},
  journal={Transportation Research Part C: Emerging Technologies},
  volume={56},
  pages={34--51},
  year={2015},
  publisher={Elsevier}
}

@article{schmoller2014analyzing,
  title={Analyzing external factors on the spatial and temporal demand of car sharing systems},
  author={Schm{\"o}ller, Stefan and Bogenberger, Klaus},
  journal={Procedia-Social and Behavioral Sciences},
  volume={111},
  pages={8--17},
  year={2014},
  publisher={Elsevier}
}

@book{Bishop:2006,
 author = {Bishop, Christopher M.},
 title = {Pattern Recognition and Machine Learning (Information Science and Statistics)},
 year = {2006},
 isbn = {0387310738},
 publisher = {Springer-Verlag},
 address = {Berlin, Heidelberg},
} 

@book{jain1990art,
  title={The art of computer systems performance analysis: techniques for experimental design, measurement, simulation, and modeling},
  author={Jain, Raj},
  year={1990},
  publisher={John Wiley \& Sons}
}

@article{coccaopt,
title = "Free floating electric car sharing design: Data driven optimisation",
journal = "Pervasive and Mobile Computing",
volume = "55",
pages = "59 - 75",
year = "2019",
issn = "1574-1192",
doi = "10.1016/j.pmcj.2019.02.007",
url = "http://www.sciencedirect.com/science/article/pii/S1574119218305170",
author = "Michele Cocca and Danilo Giordano and Marco Mellia and Luca Vassio",
keywords = "Car sharing, Electric vehicle, Data driven optimisation, Charging station placement, Free floating"
}


@ARTICLE{coccacar,
author={M. {Cocca} and D. {Giordano} and M. {Mellia} and L. {Vassio}},
journal={IEEE Transactions on Intelligent Transportation Systems},
title={Free Floating Electric Car Sharing: A Data Driven Approach for System Design},
year={2019},
volume={},
number={},
pages={1-13},
keywords={Car sharing;electric vehicle;data driven optimization;charging station;free floating.},
doi={10.1109/TITS.2019.2932809}
}


@article{VancouverCS,
title = "Characterizing client usage patterns and service demand for car-sharing systems",
journal = "Information Systems",
pages = "101448",
year = "2019",
issn = "0306-4379",
doi = "https://doi.org/10.1016/j.is.2019.101448",
url = "http://www.sciencedirect.com/science/article/pii/S0306437919305009",
author = "Victor A. Alencar and Felipe Rooke and Michele Cocca and Luca Vassio and Jussara Almeida and Alex Borges Vieira",
keywords = "Urban mobility, Car-sharing, Characterizing, Two-way, One-way, Free-floating",
}

@article{He:2019,
 author = {He, Suining and Shin, Kang G.},
 title = {Spatio-temporal Adaptive Pricing for Balancing Mobility-on-Demand Networks},
 journal = {ACM Trans. Intell. Syst. Technol.},
 issue_date = {August 2019},
 volume = {10},
 number = {4},
 year = {2019},
 issn = {2157-6904},
 pages = {39:1--39:28},
 articleno = {39},
 numpages = {28},
 url = {http://doi.acm.org/10.1145/3331450},
 doi = {10.1145/3331450},
 acmid = {3331450},
 publisher = {ACM},
 address = {New York, NY, USA},
 keywords = {Mobility-on-demand, adaptive pricing, deep learning, flow balancing, ride sharing, sharing economy, smart transportation, traffic prediction},
} 

@inproceedings{Hulot:2018,
 author = {Hulot, Pierre and Aloise, Daniel and Jena, Sanjay Dominik},
 title = {Towards Station-Level Demand Prediction for Effective Rebalancing in Bike-Sharing Systems},
 booktitle = {Proceedings of the 24th ACM SIGKDD International Conference on Knowledge Discovery \&\#38; Data Mining},
 series = {KDD '18},
 year = {2018},
 isbn = {978-1-4503-5552-0},
 location = {London, United Kingdom},
 pages = {378--386},
 numpages = {9},
 url = {http://doi.acm.org/10.1145/3219819.3219873},
 doi = {10.1145/3219819.3219873},
 acmid = {3219873},
 publisher = {ACM},
 address = {New York, NY, USA},
 keywords = {bike sharing systems, decision support, dimensionality reduction, station-level demand prediction, traffic modeling},
} 

@inproceedings{wang2017deepsd,
  title={DeepSD: supply-demand prediction for online car-hailing services using deep neural networks},
  author={Wang, Dong and Cao, Wei and Li, Jian and Ye, Jieping},
  booktitle={2017 IEEE 33rd International Conference on Data Engineering (ICDE)},
  pages={243--254},
  year={2017},
  organization={IEEE}
}

